@electronic{ROSMultipleMachines,
 author   = "JanDebiec",
 title     = "Running ROS across multiple machines",
 url       = "http://wiki.ros.org/ROS/Tutorials/MultipleMachines"
},
@electronic{Multimaster-fkie,
 author = "Alexander Tiderko",
 title = "multimaster\_fkie",
 url = "https://github.com/fkie/multimaster_fkie"
},
@electronic{MultipleRobots,
 author = "Jakub",
 title = "Multiple robots simulation and navigation",
 month = "August",
 year = "2012",
 url = "http://answers.ros.org/question/41433/multiple-robots-simulation-and-navigation/"
},
@electronic{SLAMGmapping,
 author = "Brian Gerkey",
 title = "slam\_gmapping",
 url = "https://github.com/ros-perception/slam_gmapping"
},
@electronic{Gazebo,
 author = "John Hsu and Nate Koenig and Dave Coleman",
 title = "gazebo\_ros\_pkgs",
 url = "http://wiki.ros.org/gazebo_ros_pkgs"
},
@electronic{GIMP,
 author = "Michael Natterer and Sven Neumann",
 title = "{GNU IMAGE MANIPULATION PROGRAM}",
 url = "https://www.gimp.org/"
},
@electronic{ROS,
 author = "Aaron Blasdel and Adam Leeper and Austin Hendrix",
 title = "Robot Operating System",
 url = "http://www.ros.org/"
},
@inproceedings{Industry40,
author    = "Mario Hermann and Tobias Pentek and Boris Otto",
title     = "Design Principles for Industrie 4.0 Scenarios",
booktitle = "2016 49th Hawaii International Conference on System Sciences (HICSS) ",
address   = "Koloa, HI, USA",
month     = jan,
year      = "2016"
},
@electronic{Turtlebot,
 author = "{Open Source Robotics Foundation, Inc.}",
 title = "TurtleBot2",
 url = "http://www.turtlebot.com/turtlebot2/"
}
